@inproceedings{ssd,
  title={Pose space deformation: a unified approach to shape interpolation and skeleton-driven deformation},
  author={Lewis, John P and Cordner, Matt and Fong, Nickson},
  booktitle={Proceedings of the 27th annual conference on Computer graphics and interactive techniques},
  pages={165--172},
  year={2000},
  organization={ACM Press/Addison-Wesley Publishing Co.}
}

@inproceedings{dual,
  title={Skinning with dual quaternions},
  author={Kavan, Ladislav and Collins, Steven and {\v{Z}}{\'a}ra, Ji{\v{r}}{\'\i} and O'Sullivan, Carol},
  booktitle={Proceedings of the 2007 symposium on Interactive 3D graphics and games},
  pages={39--46},
  year={2007},
  organization={ACM}
}

@inproceedings{pinocchio,
  title={Automatic rigging and animation of 3d characters},
  author={Baran, Ilya and Popovi{\'c}, Jovan},
  booktitle={ACM Transactions on Graphics (TOG)},
  volume={26},
  number={3},
  pages={72},
  year={2007},
  organization={ACM}
}